@BOOK{handbuch:elektrotechnik,
  title={Handbuch Elektrotechnik: Grundlagen und Anwendungen für Elektrotechniker},
  author={Wilfried Plaßmann, Detlef Schulz},
  edition={5., korrigierte Auflage},
  isbn={978-3-8348-0470-9},
  year={2009},
  publisher={Vieweg+Teubner Verlag}
}

@BOOK{Schmitt2008,
	AUTHOR = {Schmitt, Günter},
	YEAR = {2008},
	TITLE = {Mikrocomputertechnik mit Controllern der Atmel AVR-RISC-Familie - Programmierung in Assembler und C- Schaltungen und Anwendungen},
	EDITION = {korrigierte Auflage},
	ISBN = {978-3-486-58790-6},
	PUBLISHER = {Oldenbourg Verlag},
	ADDRESS = {München},
}

@BOOK{Tietze2002,
	AUTHOR = {Tietze, Ulrich AND Schenk, Christoph},
	YEAR = {2002},
	TITLE = {Halbleiter-Schaltungstechnik - [neuer Teil: Nachrichtentechnische Schaltungen]},
	EDITION = {12. Aufl.},
	ISBN = {978-3-540-42849-7},
	PUBLISHER = {Springer DE},
	ADDRESS = {Berlin},
}

@book{Oppenheim:1996:SAS:248702,
 author = {Oppenheim, Alan V. and Willsky, Alan S. and Nawab, S. Hamid},
 title = {Signals \&Amp; Systems (2Nd Ed.)},
 year = {1996},
 isbn = {0-13-814757-4},
 publisher = {Prentice-Hall, Inc.},
 address = {Upper Saddle River, NJ, USA},
} 

@BOOK{Dembowski2012,
	AUTHOR = {Klaus Dembowski},
	YEAR = {2012},
	TITLE = {Computernetzwerke},
	EDITION = {1. Aufl.},
	ISBN = {978-3-8273-3092-5},
	PUBLISHER = {Addison-Wesley Verlag},
}

@INPROCEEDINGS{5712621, 
	author = {Mahato, B. and Sharma, S. and Chitranshi, G.}, 
	booktitle = {India Conference (INDICON), 2010 Annual IEEE}, 
	title = {An embedded web controllable heater interface for industry application}, 
	year = {2010}, 
	month = {Dec}, 
	pages = {1-4}, 
	keywords = {Internet;analogue-digital conversion;control engineering computing;data acquisition;file servers;heat systems;internetworking;local area networks;telecontrol;transport protocols;user interfaces;ATmega-328P chip;ENC28J60;Ethernet controller chip;HTML;IEEE 802.3;Internet;Java Script;RJ-45 serial protocol;TCP/IP protocol;Web page management;Web server;acquisition network;analog-gigital signal conversion;automated industrial system;automation application;data acquisition;driven current amplification;embedded Web controllable heater interface;industry application;internetworking;network protocol;Ethernet networks;Heating;IP networks;Protocols;Prototypes;Web server;ATmega-328P;ENC28J60 (Ethernet controller);Embedded Web Server;Heater;RJ-45;TCP/IP}, 
	doi = {10.1109/INDCON.2010.5712621},
}

@book{Tanenbaum:2010:CN:1942194,
 author = {Tanenbaum, Andrew S. and Wetherall, David J.},
 title = {Computer Networks},
 year = {2010},
 isbn = {0132126958, 9780132126953},
 edition = {5th},
 publisher = {Prentice Hall Press},
 address = {Upper Saddle River, NJ, USA},
} 

@book{Jones:TCPIP,
 author = {M. Tim Jones},
 title = {TCP/IP Application Layer Protocols for Embedded Systems},
 year = {2002},
 isbn = {1-58450-247-9},
 edition = {1st Edition},
 publisher = {Charles River Media},
 pages = {5-19},
} 

@book{Computernetze:kompakt,
 author = {Christian Baun},
 title = {Computernetze kompakt},
 year = {2013},
 isbn = {978-3-642-41653-8},
 edition = {2. aktualisierte und erweiterte Auflage},
 publisher = {Springer-Verlag Berlin Heidelberg},
 address = {Fachhochschule Frankfurt am Main Frankfurt, Deutschland},
 pages = {122},
} 

@book{Stevens:2009:TIP:1550778,
 author = {Stevens, W. Richard and Fall, Kevin},
 title = "{TCP}/{IP} Illustrated, Volume 1: The {Protocols}",
 series = {Addison-Wesley Professional Computing Series},
 year = {2012},
 isbn = {0321336313, 9780321336316},
 edition = {2nd},
 publisher = {Addison Wesley Longman Publishing Co., Inc.},
 address = {USA},
} 

@book{Stevens:1996:TIT:233130,
 author = {Stevens, W. Richard},
 title = "{TCP}/{IP} Illustrated, Volume 3: {TCP} for Transactions, {HTTP}, {NNTP}, and the {UNIX} Domain Protocols",
 series = {Addison-Wesley Professional Computing Series},
 year = {1996},
 isbn = {0-201-63495-3},
 publisher = {Addison Wesley Longman Publishing Co., Inc.},
 address = {Redwood City, CA, USA},
} 

@book{Stevens:2004:UNP1,
   title = "{UNIX} Network Programming, Volume 1: The Sockets Networking {API}",
   author = {Stevens, W. Richard and Fenner, Bill and Rudoff, Andrew M.},
   series = {Addison-Wesley Professional Computing Series},
   publisher = {Addison-Wesley},
   address = {Boston (Mass.)},
   isbn = {0-13-141155-1},
   year = {2004},
   pages = {86-212},
}

@book{Stevens:2013:APU:2500956,
 author = {Stevens, W. Richard and Rago, Stephen A.},
 title = "Advanced Programming in the {UNIX} {Environment}",
 series = {Addison-Wesley Professional Computing Series},
 year = {2013},
 isbn = {0321637739, 9780321637734},
 edition = {3rd},
 publisher = {Addison-Wesley},
} 

