@MISC{Induktion,
	AUTHOR = "Grüninger",
	TITLE = "Induktion durch Drehen einer Spule",
	HOWPUBLISHED = "\url{http://www.schule-bw.de/unterricht/faecher/physik/online_material/e_lehre_2/induktion/drehspule.htm}"
}

@MISC{Mikrocontroller:Optokoppler,
	AUTHOR = "Mikrocontroller.net",
	TITLE = "Optokoppler",
	HOWPUBLISHED = "\url{http://www.mikrocontroller.net/articles/Optokoppler}"
}

@MISC{Atmel,
	TITLE = "Atmel Corporation",
	HOWPUBLISHED = "\url{http://www.atmel.com}"
}

@MISC{Mikrocontroller:JTAGICEmkII,
	AUTHOR = "Atmel",
	TITLE = "AVR JTAGICE mkII",
	ADDRESS = "San Jose, CA, USA",
	HOWPUBLISHED = "\url{http://www.atmel.com/tools/avrjtagicemkii.aspx}"
}

@MISC{Mikrocontroller:JTAGICE:doc,
	AUTHOR = "Atmel",
	TITLE = "8-bit AVR Microcontrollers, JTAGICE mkII Quick Start Guide, Rev. 2562C-AVR-07/06",
	ADDRESS = "San Jose, CA, USA",
	HOWPUBLISHED = "\url{http://www.atmel.com/Images/doc2562.pdf}"
}

@MISC{Mikrocontroller:JTAGICE:guide,
	AUTHOR = "Atmel",
	TITLE = "JTAGICE mkII User's Guide",
	ADDRESS = "San Jose, CA, USA",
	HOWPUBLISHED = "\url{http://support.atmel.com/knowledgebase/avrstudiohelp/mergedProjects/JTAGICEmkII/mkII/JTAGICEmkII.htm}"
}

@MISC{Atmel:ATMega16,
	AUTHOR = "Atmel",
	TITLE = "8-bit AVR Microcontroller with 16K Bytes In-System Programmable Flash, ATmega16, ATmega16L, Rev. 2466T–AVR–07/10",
	ADDRESS = "San Jose, CA, USA",
	HOWPUBLISHED = "\url{http://www.atmel.com/Images/doc2466.pdf}"
}

@MISC{Cadsoft:Eagle,
	TITLE = "CadSoft Eagle PCB Design Software",
	HOWPUBLISHED = "\url{http://www.cadsoft.de}"
}

@MISC{Engbedded:Fusecalc,
	AUTHOR = "Dipl.-Ing. Mark Häm­mer­ling",
	TITLE = "Engbedded",
	HOWPUBLISHED = "\url{http://www.engbedded.com/fusecalc}"
}

@MISC{GNU:Avrdude,
	TITLE = "AVRDUDE - AVR Downloader/UploaDEr",
	HOWPUBLISHED = "\url{http://www.nongnu.org/avrdude/}"
}

@MISC{AVRDUDE:Manual,
	AUTHOR = "NONGNU Developers",
	TITLE = "AVRDUDE User Manual",
	HOWPUBLISHED = "\url{http://www.nongnu.org/avrdude/user-manual/avrdude_toc.html}"
}

@MISC{Microchip,
	TITLE = "Microchip Technology Inc.",
	HOWPUBLISHED = "\url{http://www.microchip.com}"
}

@MISC{Microchip:ENC28J60,
	TITLE = "ENC28J60 - Ethernet Controllers",
	HOWPUBLISHED = "\url{http://www.microchip.com/wwwproducts/Devices.aspx?dDocName=en022889}"
}

@MISC{Microchip:ENC28J60:Datasheet,
	TITLE = "Stand-Alone Ethernet Controller with SPI Interface",
	HOWPUBLISHED = "\url{http://ww1.microchip.com/downloads/en/DeviceDoc/39662e.pdf}"
}

@MISC{IEEE:802.3,
	TITLE = "IEEE 802.3 ETHERNET WORKING GROUP",
	HOWPUBLISHED = "\url{http://www.ieee802.org/3/}"
}

@MISC{RJ45:Pins,
	TITLE = "Belegung RJ45-Stecker für Ethernet",
	HOWPUBLISHED = "\url{http://www.elektronik-kompendium.de/sites/net/0510151.htm}"
}

@MISC{tuxgraphics,
	AUTHOR = "Guido Socher",
	TITLE = "DIY projects: AVR microcontroller electronics",
	HOWPUBLISHED = "\url{http://tuxgraphics.org/electronics/}"
}

@MISC{RFC-Editor,
	TITLE = "RFC Editor",
	HOWPUBLISHED = "\url{http://www.rfc-editor.org/}"
}

@MISC{FAQs,
	TITLE = "Frequently Asked Questions",
	HOWPUBLISHED = "\url{http://www.faqs.org/rfcs/}"
}

@MISC{Ethertypes,
	AUTHOR = "Steven Knight",
	TITLE = "Ethernet Numbers",
	HOWPUBLISHED = "\url{http://www.iana.org/assignments/ethernet-numbers/ethernet-numbers.xhtml}"
}

@MISC{RFC:768,
	AUTHOR = "J. Postel",
	TITLE = "User Datagram Protocol, STD 6, RFC 768, August 1980",
	HOWPUBLISHED = "\url{http://www.rfc-editor.org/info/rfc768}"
}

@MISC{RFC:791,
	AUTHOR = "J. Postel",
	TITLE = "Internet Protocol, STD 5, RFC 791, September 1981",
	HOWPUBLISHED = "\url{http://www.rfc-editor.org/info/rfc791}"
}

@MISC{RFC:792,
	AUTHOR = "J. Postel",
	TITLE = "Internet Control Message Protocol, STD 5, RFC 792, September 1981",
	HOWPUBLISHED = "\url{http://www.rfc-editor.org/info/rfc792}"
}

@MISC{RFC:793,
	AUTHOR = "J. Postel",
	TITLE = "Transmission Control Protocol, STD 7, RFC 793, September 1981",
	HOWPUBLISHED = "\url{http://www.rfc-editor.org/info/rfc793}"
}


@MISC{netzmafia,
	AUTHOR = "Prof. Jürgen Plate",
	TITLE = "Grundlagen Computernetze",
	HOWPUBLISHED = "\url{http://www.netzmafia.de/skripten/netze/}"
}

@MISC{felix,
	AUTHOR = "Felix Opatz",
	TITLE = "Netzwerkprogrammierung mit BSD-Sockets",
	HOWPUBLISHED = "\url{http://www.zotteljedi.de/socket-buch/index.html}"
}

@MISC{manpages,
	TITLE = "FreeBSD Man Pages",
	HOWPUBLISHED = "\url{http://www.freebsd.org/cgi/man.cgi}"
}

@MISC{FreeBSD:source,
	AUTHOR = "Robert Watson",
	TITLE = "FreeBSD and Linux Kernel Cross-Reference",
	HOWPUBLISHED = "\url{http://fxr.watson.org/}"
}

@MISC{FreeBSD:developers,
	AUTHOR = "The FreeBSD Documentation Project",
	TITLE = "FreeBSD Developers' Handbook",
	HOWPUBLISHED = "\url{http://www.freebsd.org/doc/en/books/developers-handbook/}"
}